%YAML 1.1
%TAG !u! tag:unity3d.com,2011:
--- !u!1 &4050452009327779578
GameObject:
  m_ObjectHideFlags: 0
  m_CorrespondingSourceObject: {fileID: 0}
  m_PrefabInstance: {fileID: 0}
  m_PrefabAsset: {fileID: 0}
  serializedVersion: 6
  m_Component:
  - component: {fileID: 2856751596304396583}
  - component: {fileID: 7330495782919241040}
  - component: {fileID: 695466663}
  m_Layer: 0
  m_Name: GameSession
  m_TagString: Untagged
  m_Icon: {fileID: 0}
  m_NavMeshLayer: 0
  m_StaticEditorFlags: 0
  m_IsActive: 1
--- !u!4 &2856751596304396583
Transform:
  m_ObjectHideFlags: 0
  m_CorrespondingSourceObject: {fileID: 0}
  m_PrefabInstance: {fileID: 0}
  m_PrefabAsset: {fileID: 0}
  m_GameObject: {fileID: 4050452009327779578}
  m_LocalRotation: {x: 0, y: 0, z: 0, w: 1}
  m_LocalPosition: {x: 0, y: 0, z: 0}
  m_LocalScale: {x: 1, y: 1, z: 1}
  m_Children:
  - {fileID: 102195002}
  m_Father: {fileID: 0}
  m_RootOrder: 0
  m_LocalEulerAnglesHint: {x: 0, y: 0, z: 0}
--- !u!114 &7330495782919241040
MonoBehaviour:
  m_ObjectHideFlags: 0
  m_CorrespondingSourceObject: {fileID: 0}
  m_PrefabInstance: {fileID: 0}
  m_PrefabAsset: {fileID: 0}
  m_GameObject: {fileID: 4050452009327779578}
  m_Enabled: 1
  m_EditorHideFlags: 0
  m_Script: {fileID: 11500000, guid: ca7d5916e9bd34831b8f19ea2458ace7, type: 3}
  m_Name: 
  m_EditorClassIdentifier: 
  gameSpeed: 0.6
  pointsPerBlockDestroyed: 83
  scoreText: {fileID: 616419383901539461}
  isAutoPlayEnabled: 0
--- !u!82 &695466663
AudioSource:
  m_ObjectHideFlags: 0
  m_CorrespondingSourceObject: {fileID: 0}
  m_PrefabInstance: {fileID: 0}
  m_PrefabAsset: {fileID: 0}
  m_GameObject: {fileID: 4050452009327779578}
  m_Enabled: 1
  serializedVersion: 4
  OutputAudioMixerGroup: {fileID: 0}
  m_audioClip: {fileID: 8300000, guid: 6a07dc99e42ef3642b1081beddb5f417, type: 3}
  m_PlayOnAwake: 1
  m_Volume: 1
  m_Pitch: 1
  Loop: 1
  Mute: 0
  Spatialize: 0
  SpatializePostEffects: 0
  Priority: 128
  DopplerLevel: 1
  MinDistance: 1
  MaxDistance: 500
  Pan2D: 0
  rolloffMode: 0
  BypassEffects: 0
  BypassListenerEffects: 0
  BypassReverbZones: 0
  rolloffCustomCurve:
    serializedVersion: 2
    m_Curve:
    - serializedVersion: 3
      time: 0
      value: 1
      inSlope: 0
      outSlope: 0
      tangentMode: 0
      weightedMode: 0
      inWeight: 0.33333334
      outWeight: 0.33333334
    - serializedVersion: 3
      time: 1
      value: 0
      inSlope: 0
      outSlope: 0
      tangentMode: 0
      weightedMode: 0
      inWeight: 0.33333334
      outWeight: 0.33333334
    m_PreInfinity: 2
    m_PostInfinity: 2
    m_RotationOrder: 4
  panLevelCustomCurve:
    serializedVersion: 2
    m_Curve:
    - serializedVersion: 3
      time: 0
      value: 0
      inSlope: 0
      outSlope: 0
      tangentMode: 0
      weightedMode: 0
      inWeight: 0.33333334
      outWeight: 0.33333334
    m_PreInfinity: 2
    m_PostInfinity: 2
    m_RotationOrder: 4
  spreadCustomCurve:
    serializedVersion: 2
    m_Curve:
    - serializedVersion: 3
      time: 0
      value: 0
      inSlope: 0
      outSlope: 0
      tangentMode: 0
      weightedMode: 0
      inWeight: 0.33333334
      outWeight: 0.33333334
    m_PreInfinity: 2
    m_PostInfinity: 2
    m_RotationOrder: 4
  reverbZoneMixCustomCurve:
    serializedVersion: 2
    m_Curve:
    - serializedVersion: 3
      time: 0
      value: 1
      inSlope: 0
      outSlope: 0
      tangentMode: 0
      weightedMode: 0
      inWeight: 0.33333334
      outWeight: 0.33333334
    m_PreInfinity: 2
    m_PostInfinity: 2
    m_RotationOrder: 4
--- !u!1001 &616419382359252892
PrefabInstance:
  m_ObjectHideFlags: 0
  serializedVersion: 2
  m_Modification:
    m_TransformParent: {fileID: 2856751596304396583}
    m_Modifications:
    - target: {fileID: 1680708376, guid: e17fbac2b283f48a193c548bf92d7302, type: 3}
      propertyPath: m_AnchoredPosition.x
      value: -175.2002
      objectReference: {fileID: 0}
    - target: {fileID: 1680708376, guid: e17fbac2b283f48a193c548bf92d7302, type: 3}
      propertyPath: m_AnchoredPosition.y
      value: -60.299805
      objectReference: {fileID: 0}
    - target: {fileID: 616419382257975462, guid: e17fbac2b283f48a193c548bf92d7302,
        type: 3}
      propertyPath: m_LocalPosition.x
      value: 0
      objectReference: {fileID: 0}
    - target: {fileID: 616419382257975462, guid: e17fbac2b283f48a193c548bf92d7302,
        type: 3}
      propertyPath: m_LocalPosition.y
      value: 0
      objectReference: {fileID: 0}
    - target: {fileID: 616419382257975462, guid: e17fbac2b283f48a193c548bf92d7302,
        type: 3}
      propertyPath: m_LocalPosition.z
      value: 0
      objectReference: {fileID: 0}
    - target: {fileID: 616419382257975462, guid: e17fbac2b283f48a193c548bf92d7302,
        type: 3}
      propertyPath: m_LocalRotation.x
      value: 0
      objectReference: {fileID: 0}
    - target: {fileID: 616419382257975462, guid: e17fbac2b283f48a193c548bf92d7302,
        type: 3}
      propertyPath: m_LocalRotation.y
      value: 0
      objectReference: {fileID: 0}
    - target: {fileID: 616419382257975462, guid: e17fbac2b283f48a193c548bf92d7302,
        type: 3}
      propertyPath: m_LocalRotation.z
      value: 0
      objectReference: {fileID: 0}
    - target: {fileID: 616419382257975462, guid: e17fbac2b283f48a193c548bf92d7302,
        type: 3}
      propertyPath: m_LocalRotation.w
      value: 1
      objectReference: {fileID: 0}
    - target: {fileID: 616419382257975462, guid: e17fbac2b283f48a193c548bf92d7302,
        type: 3}
      propertyPath: m_RootOrder
      value: 0
      objectReference: {fileID: 0}
    - target: {fileID: 616419382257975462, guid: e17fbac2b283f48a193c548bf92d7302,
        type: 3}
      propertyPath: m_LocalEulerAnglesHint.x
      value: 0
      objectReference: {fileID: 0}
    - target: {fileID: 616419382257975462, guid: e17fbac2b283f48a193c548bf92d7302,
        type: 3}
      propertyPath: m_LocalEulerAnglesHint.y
      value: 0
      objectReference: {fileID: 0}
    - target: {fileID: 616419382257975462, guid: e17fbac2b283f48a193c548bf92d7302,
        type: 3}
      propertyPath: m_LocalEulerAnglesHint.z
      value: 0
      objectReference: {fileID: 0}
    - target: {fileID: 616419382257975462, guid: e17fbac2b283f48a193c548bf92d7302,
        type: 3}
      propertyPath: m_AnchoredPosition.x
      value: 0
      objectReference: {fileID: 0}
    - target: {fileID: 616419382257975462, guid: e17fbac2b283f48a193c548bf92d7302,
        type: 3}
      propertyPath: m_AnchoredPosition.y
      value: 0
      objectReference: {fileID: 0}
    - target: {fileID: 616419382257975462, guid: e17fbac2b283f48a193c548bf92d7302,
        type: 3}
      propertyPath: m_SizeDelta.x
      value: 0
      objectReference: {fileID: 0}
    - target: {fileID: 616419382257975462, guid: e17fbac2b283f48a193c548bf92d7302,
        type: 3}
      propertyPath: m_SizeDelta.y
      value: 0
      objectReference: {fileID: 0}
    - target: {fileID: 616419382257975462, guid: e17fbac2b283f48a193c548bf92d7302,
        type: 3}
      propertyPath: m_AnchorMin.x
      value: 0
      objectReference: {fileID: 0}
    - target: {fileID: 616419382257975462, guid: e17fbac2b283f48a193c548bf92d7302,
        type: 3}
      propertyPath: m_AnchorMin.y
      value: 0
      objectReference: {fileID: 0}
    - target: {fileID: 616419382257975462, guid: e17fbac2b283f48a193c548bf92d7302,
        type: 3}
      propertyPath: m_AnchorMax.x
      value: 0
      objectReference: {fileID: 0}
    - target: {fileID: 616419382257975462, guid: e17fbac2b283f48a193c548bf92d7302,
        type: 3}
      propertyPath: m_AnchorMax.y
      value: 0
      objectReference: {fileID: 0}
    - target: {fileID: 616419382257975462, guid: e17fbac2b283f48a193c548bf92d7302,
        type: 3}
      propertyPath: m_Pivot.x
      value: 0
      objectReference: {fileID: 0}
    - target: {fileID: 616419382257975462, guid: e17fbac2b283f48a193c548bf92d7302,
        type: 3}
      propertyPath: m_Pivot.y
      value: 0
      objectReference: {fileID: 0}
    - target: {fileID: 616419382257975482, guid: e17fbac2b283f48a193c548bf92d7302,
        type: 3}
      propertyPath: m_Name
      value: Game Canvas
      objectReference: {fileID: 0}
    m_RemovedComponents: []
  m_SourcePrefab: {fileID: 100100000, guid: e17fbac2b283f48a193c548bf92d7302, type: 3}
--- !u!224 &102195002 stripped
RectTransform:
  m_CorrespondingSourceObject: {fileID: 616419382257975462, guid: e17fbac2b283f48a193c548bf92d7302,
    type: 3}
  m_PrefabInstance: {fileID: 616419382359252892}
  m_PrefabAsset: {fileID: 0}
--- !u!114 &616419383901539461 stripped
MonoBehaviour:
  m_CorrespondingSourceObject: {fileID: 1680708377, guid: e17fbac2b283f48a193c548bf92d7302,
    type: 3}
  m_PrefabInstance: {fileID: 616419382359252892}
  m_PrefabAsset: {fileID: 0}
  m_GameObject: {fileID: 0}
  m_Enabled: 1
  m_EditorHideFlags: 0
  m_Script: {fileID: 11500000, guid: f4688fdb7df04437aeb418b961361dc5, type: 3}
  m_Name: 
  m_EditorClassIdentifier: 
